<record><leader>00000cas a2200000 a 4500</leader><controlfield tag="001">9380566</controlfield><controlfield tag="008">830406d18251827mauwr ne      0    0eng c</controlfield><datafield ind1=" " ind2=" " tag="010"><subfield code="a">sn 83020521 </subfield></datafield><datafield ind1=" " ind2=" " tag="040"><subfield code="a">NPX</subfield><subfield code="b">eng</subfield><subfield code="c">NPX</subfield><subfield code="d">DLC</subfield><subfield code="d">MGN</subfield><subfield code="d">CNW</subfield><subfield code="d">HUL</subfield><subfield code="d">IUL</subfield><subfield code="d">NVK</subfield><subfield code="d">OBN</subfield><subfield code="d">OCL</subfield><subfield code="d">NYS</subfield><subfield code="d">DLC</subfield><subfield code="d">OCLCQ</subfield><subfield code="d">OCLCF</subfield></datafield><datafield ind1="1" ind2=" " tag="029"><subfield code="a">AU@</subfield><subfield code="b">000020122719</subfield></datafield><datafield ind1=" " ind2=" " tag="042"><subfield code="a">pcc</subfield></datafield><datafield ind1=" " ind2=" " tag="043"><subfield code="a">n-us-ma</subfield></datafield><datafield ind1="0" ind2="0" tag="050"><subfield code="a">Newspaper</subfield></datafield><datafield ind1="0" ind2=" " tag="130"><subfield code="a">Haverhill gazette and Essex patriot (Haverhill, Mass. : 1825)</subfield></datafield><datafield ind1="1" ind2="0" tag="245"><subfield code="a">Haverhill gazette &amp; Essex patriot.</subfield></datafield><datafield ind1="3" ind2=" " tag="246"><subfield code="a">Haverhill gazette and Essex patriot</subfield></datafield><datafield ind1=" " ind2=" " tag="260"><subfield code="a">Haverhill, Mass. :</subfield><subfield code="b">[s.n.],</subfield><subfield code="c">1825-1827.</subfield></datafield><datafield ind1=" " ind2=" " tag="300"><subfield code="a">v. ;</subfield><subfield code="c">52 cm.</subfield></datafield><datafield ind1=" " ind2=" " tag="310"><subfield code="a">Weekly</subfield></datafield><datafield ind1="0" ind2=" " tag="362"><subfield code="a">Vol. 6, no. 1 (Dec. 31, 1825)-v. 7, no. 6 (Feb. 3, 1827).</subfield></datafield><datafield ind1=" " ind2=" " tag="530"><subfield code="a">Available on Microfilm Readex Microprint Corp.</subfield></datafield><datafield ind1=" " ind2="0" tag="651"><subfield code="a">Haverhill (Mass.)</subfield><subfield code="v">Newspapers.</subfield></datafield><datafield ind1=" " ind2="0" tag="651"><subfield code="a">Essex County (Mass.)</subfield><subfield code="v">Newspapers.</subfield></datafield><datafield ind1=" " ind2="7" tag="655"><subfield code="a">Newspapers.</subfield><subfield code="2">fast</subfield><subfield code="0">(OCoLC)fst01423814</subfield></datafield><datafield ind1=" " ind2="7" tag="651"><subfield code="a">Massachusetts</subfield><subfield code="z">Essex County.</subfield><subfield code="2">fast</subfield><subfield code="0">(OCoLC)fst01205527</subfield></datafield><datafield ind1=" " ind2="7" tag="651"><subfield code="a">Massachusetts</subfield><subfield code="z">Haverhill.</subfield><subfield code="2">fast</subfield><subfield code="0">(OCoLC)fst01218279</subfield></datafield><datafield ind1=" " ind2=" " tag="752"><subfield code="a">United States</subfield><subfield code="b">Massachusetts</subfield><subfield code="c">Essex</subfield><subfield code="d">Haverhill.</subfield></datafield><datafield ind1="0" ind2="0" tag="780"><subfield code="t">Gazette &amp; patriot</subfield><subfield code="w">(DLC)sn 83020520</subfield><subfield code="w">(OCoLC)9380481</subfield></datafield><datafield ind1="0" ind2="0" tag="785"><subfield code="t">Essex gazette (Haverhill, Mass. : 1827)</subfield><subfield code="w">(DLC)sn 83020522</subfield><subfield code="w">(OCoLC)9380672</subfield></datafield><datafield ind1=" " ind2=" " tag="850"><subfield code="a">MH</subfield></datafield></record>